@article{nkat2024,
  title={Noncommutative Kolmogorov-Arnold Theory: A Unified Framework for Quantum Information and Consciousness},
  author={Author, A. and Collaborator, B.},
  journal={Journal of Unified Physics},
  volume={1},
  number={1},
  pages={1--50},
  year={2024},
  publisher={arXiv},
  doi={10.48550/arXiv.2403.XXXXX}
}

@article{kolmogorov1957,
  title={On the representation of continuous functions of several variables by superposition of continuous functions of one variable and addition},
  author={Kolmogorov, A. N.},
  journal={Doklady Akademii Nauk SSSR},
  volume={114},
  number={5},
  pages={953--956},
  year={1957},
  publisher={Russian Academy of Sciences}
}

@article{arnold1957,
  title={On functions of three variables},
  author={Arnold, V. I.},
  journal={Doklady Akademii Nauk SSSR},
  volume={114},
  number={4},
  pages={679--681},
  year={1957},
  publisher={Russian Academy of Sciences}
}

@article{noncommutative2023,
  title={Noncommutative Geometry and Quantum Information Theory},
  author={Researcher, C. and Expert, D.},
  journal={Advances in Quantum Information},
  volume={15},
  number={2},
  pages={123--145},
  year={2023},
  publisher={World Scientific}
}

@article{consciousness2023,
  title={Quantum Models of Consciousness: A Review},
  author={Scientist, E. and Theorist, F.},
  journal={Consciousness Studies},
  volume={8},
  number={3},
  pages={67--89},
  year={2023},
  publisher={Springer}
}

@book{quantum2022,
  title={Quantum Information and Consciousness: A Unified Theory},
  author={Author, G.},
  year={2022},
  publisher={Cambridge University Press},
  address={Cambridge}
}

@article{geometry2023,
  title={Noncommutative Quantum Geometry and its Applications},
  author={Mathematician, H. and Physicist, I.},
  journal={Journal of Mathematical Physics},
  volume={64},
  number={4},
  pages={045001},
  year={2023},
  publisher={AIP}
}

@article{entanglement2023,
  title={Quantum Entanglement in Information Fields},
  author={Researcher, J. and Expert, K.},
  journal={Physical Review D},
  volume={107},
  number={8},
  pages={085001},
  year={2023},
  publisher={APS}
} 