@article{riemann1859,
    title={On the number of primes less than a given magnitude},
    author={Riemann, Bernhard},
    year={1859}
}

@article{nkat2025,
    title={NKAT v8.0: Historic 100-Gamma RTX3080 Computation},
    author={{NKAT Research Consortium}},
    year={2025}
}