
@article{riemann1859,
    title={Über die Anzahl der Primzahlen unter einer gegebenen Größe},
    author={Riemann, Bernhard},
    journal={Monatsberichte der Berliner Akademie},
    year={1859}
}

@book{descartes1637,
    title={Discourse on the Method},
    author={Descartes, René},
    year={1637},
    publisher={Ian Maire}
}

@article{godel1931,
    title={Über formal unentscheidbare Sätze der Principia Mathematica und verwandter Systeme},
    author={Gödel, Kurt},
    journal={Monatshefte für Mathematik},
    volume={38},
    pages={173--198},
    year={1931}
}

@article{nkat2025,
    title={NKAT v13: Information Tensor Ontology Framework},
    author={NKAT Research Consortium},
    journal={arXiv preprint},
    year={2025}
}
